@book{bib:allenkennedy,
  title={Optimizing Compilers for Modern Architectures},
  author={Allen, Randy and Kennedy, Ken},
  year={1985},
  publisher={Maurgan Kaufmann Publishers}
}

//this is a comment

